<?xml version="1.0" encoding="UTF-8"?><collection xmlns="http://www.loc.gov/MARC21/slim"><record><leader>00546nam--2200133-i-4500</leader><controlfield tag="001">000014340</controlfield><controlfield tag="002">20161230</controlfield><controlfield tag="005">20161230201030</controlfield><controlfield tag="008">060222s1000------------r-----000-0-eng-d</controlfield><datafield ind1=" " ind2=" " tag="080"><subfield code="a">615.849(061.3)</subfield></datafield><datafield ind1=" " ind2=" " tag="245"><subfield code="a">Erstes bilaterales symposium ddr-cssr der sokt ion nuklearmedizin der gesellschaft fur medizi nische radiologie der ddr und der gesellschaf t fur nuklearmedizin und strahlenhydrogene der cssr vom l8.bis mai l981 in reinherdsbrunn,ki nische relevanz nuk</subfield></datafield><datafield ind1=" " ind2=" " tag="260"><subfield code="a">Berlin,Isocommerz,1981</subfield></datafield><datafield ind1=" " ind2=" " tag="700"><subfield code="a">Deckart,Harald/S.A.</subfield></datafield><datafield ind1=" " ind2=" " tag="852"><subfield code="a">70564</subfield></datafield></record></collection>